<?xml version="1.0" encoding="UTF-8"?><collection xmlns="http://www.loc.gov/MARC21/slim"><record><leader>00524nam--2200181-i-4500</leader><controlfield tag="001">000045213</controlfield><controlfield tag="002">20161230</controlfield><controlfield tag="005">20161230201044</controlfield><controlfield tag="008">060222s1000------------r-----000-0-eng-d</controlfield><datafield ind1=" " ind2=" " tag="040"><subfield code="a">IFIN-HH</subfield></datafield><datafield ind1=" " ind2=" " tag="080"><subfield code="a">533.9:541.1:621.382</subfield></datafield><datafield ind1="1" ind2=" " tag="100"><subfield code="a">Hollahan, John R</subfield></datafield><datafield ind1="1" ind2="0" tag="245"><subfield code="a">Techniques and applications of plasma chemistry</subfield><subfield code="c">JOHN R. HOLLAHAN, ALEXIS T. BELL (Eds.)</subfield></datafield><datafield ind1=" " ind2=" " tag="260"><subfield code="a">New York, John Wiley &amp; Sons, 1974</subfield></datafield><datafield ind1=" " ind2=" " tag="300"><subfield code="a">VIII + 399 P</subfield></datafield><datafield ind1=" " ind2=" " tag="700"><subfield code="a">Bell, Alexis T</subfield></datafield><datafield ind1=" " ind2=" " tag="852"><subfield code="a">42538</subfield><subfield code="c">533.9</subfield></datafield><datafield ind1=" " ind2=" " tag="CAT"><subfield code="a">Sys</subfield><subfield code="c">20100927</subfield><subfield code="h">113216</subfield></datafield></record></collection>